<?xml version="1.0" encoding="UTF-8"?><collection xmlns="http://www.loc.gov/MARC21/slim"><record><leader>00352nam--2200133-i-4500</leader><controlfield tag="001">000029292</controlfield><controlfield tag="002">20161230</controlfield><controlfield tag="005">20161230201037</controlfield><controlfield tag="008">060222s1000------------r-----000-0-eng-d</controlfield><datafield ind1=" " ind2=" " tag="080"><subfield code="a">621.039.51:621.039.56</subfield></datafield><datafield ind1=" " ind2=" " tag="100"><subfield code="a">Lewins, Jeffery</subfield></datafield><datafield ind1=" " ind2=" " tag="245"><subfield code="a">Nuclear reactor kinetics and control</subfield></datafield><datafield ind1=" " ind2=" " tag="260"><subfield code="a">Oxford, Pergamon Press, 1978, Xiii + 264p</subfield></datafield><datafield ind1=" " ind2=" " tag="852"><subfield code="a">47017</subfield></datafield></record></collection>